<?xml version="1.0" encoding="UTF-8"?><record xmlns="http://www.loc.gov/MARC21/slim" xmlns:cinclude="http://apache.org/cocoon/include/1.0" xmlns:zs="http://www.loc.gov/zing/srw/">
  <leader>00766cz  a2200157n  4500</leader>
  <controlfield tag="001">n  85187187 </controlfield>
  <controlfield tag="003">DLC</controlfield>
  <controlfield tag="005">19900207135236.4</controlfield>
  <controlfield tag="008">860108n| acannaab|          |a ana |||  </controlfield>
  <datafield tag="010" ind1=" " ind2=" ">
    <subfield code="a">n  85187187 </subfield>
  </datafield>
  <datafield tag="040" ind1=" " ind2=" ">
    <subfield code="a">DLC</subfield>
    <subfield code="c">DLC</subfield>
    <subfield code="d">DLC</subfield>
    <subfield code="d">DLC-S</subfield>
  </datafield>
  <datafield tag="110" ind1="2" ind2="0">
    <subfield code="a">Centro de Información, Investigación y Documentación Uruguayo</subfield>
  </datafield>
  <datafield tag="410" ind1="2" ind2="0">
    <subfield code="a">CIIDU</subfield>
  </datafield>
  <datafield tag="510" ind1="2" ind2="0">
    <subfield code="w">b</subfield>
    <subfield code="a">Centro de Información, Investigación y Documentación del Uruguay</subfield>
  </datafield>
  <datafield tag="670" ind1=" " ind2=" ">
    <subfield code="a">Seminario CIIDU (1st : 1985 : Montevideo, Uruguay). Medios de comunicación y democracia, 1985:</subfield>
    <subfield code="b">t.p. (CIIDU, Centro de Información, Investigación y Documentación Uruguayo)</subfield>
  </datafield>
  <datafield tag="675" ind1=" " ind2=" ">
    <subfield code="a">World of learn., 1984-85;</subfield>
    <subfield code="a">Las Otras voces, marzo de 1988: verso t.p. (Centro de Información, Investigación y Documentación del Uruguay)</subfield>
  </datafield>
</record>